<record xmlns="http://www.loc.gov/MARC21/slim" xmlns:xsi="http://www.w3.org/2001/XMLSchema-instance" xsi:schemaLocation="http://www.loc.gov/MARC21/slim http://www.loc.gov/standards/marcxml/schema/MARC21slim.xsd"><leader>01438cz   2200301n  4500</leader><controlfield tag="001">oca00686625 </controlfield><controlfield tag="005">20000503064337.0</controlfield><controlfield tag="008">811214n| acannaabn          |a aaa      </controlfield><datafield ind1=" " ind2=" " tag="010"><subfield code="a">n  81141821 </subfield></datafield><datafield ind1=" " ind2=" " tag="040"><subfield code="a">DLC</subfield><subfield code="b">eng</subfield><subfield code="c">DLC</subfield><subfield code="d">CLU</subfield><subfield code="d">OCoLC</subfield></datafield><datafield ind1="1" ind2=" " tag="100"><subfield code="a">Julius Victor, C.</subfield><subfield code="q">(Gaius),</subfield><subfield code="d">4th cent.</subfield></datafield><datafield ind1="0" ind2=" " tag="400"><subfield code="a">Caius Julius Victor,</subfield><subfield code="d">4th cent.</subfield></datafield><datafield ind1="1" ind2=" " tag="400"><subfield code="a">Victor, C. Julius</subfield><subfield code="q">(Caius Julius),</subfield><subfield code="d">4th cent.</subfield></datafield><datafield ind1="1" ind2=" " tag="400"><subfield code="a">Victor, Caius Julius,</subfield><subfield code="d">4th cent.</subfield></datafield><datafield ind1="1" ind2=" " tag="400"><subfield code="a">Victor, C. Julius</subfield><subfield code="w">nnaa</subfield></datafield><datafield ind1="1" ind2=" " tag="400"><subfield code="a">Julius Victor, Gaius,</subfield><subfield code="d">4th cent.</subfield></datafield><datafield ind1="0" ind2=" " tag="400"><subfield code="a">Gaius Julius Victor,</subfield><subfield code="d">4th cent.</subfield></datafield><datafield ind1="1" ind2=" " tag="400"><subfield code="a">Victor, Gaius Julius,</subfield><subfield code="d">4th cent.</subfield></datafield><datafield ind1="1" ind2=" " tag="400"><subfield code="a">Victor, C. Julius</subfield><subfield code="q">(Gaius Julius),</subfield><subfield code="d">4th cent.</subfield></datafield><datafield ind1=" " ind2=" " tag="667"><subfield code="a">Abbreviation C. stands for Gaius</subfield></datafield><datafield ind1=" " ind2=" " tag="670"><subfield code="a">His C. Iulii Victoris Ars rhetorica, 1980:</subfield><subfield code="b">pref., p. vii, etc. (Victor)</subfield></datafield><datafield ind1=" " ind2=" " tag="670"><subfield code="a">NUC pre-1956 imprints</subfield><subfield code="b">(Victor, Caius Julius)</subfield></datafield><datafield ind1=" " ind2=" " tag="670"><subfield code="a">Kleine Pauly</subfield><subfield code="b">(C. I. Victor; indexed under Iulius)</subfield></datafield><datafield ind1=" " ind2=" " tag="670"><subfield code="a">Martinbrand, J. H. Dictionary of Latin literature, 1956:</subfield><subfield code="b">p. 158 (Julius Victor, C., 4th century rhetor)</subfield></datafield><datafield ind1=" " ind2=" " tag="670"><subfield code="a">Kennedy, G. The art of rhetoric in the Roman world, 1972:</subfield><subfield code="b">p. 651 (indexed under Julius Victor)</subfield></datafield><datafield ind1=" " ind2=" " tag="670"><subfield code="a">Teuffel, W. S. History of Roman literature, 1891-1892:</subfield><subfield code="b">v. 2, p. 598 (indexed under Julius Victor)</subfield></datafield><datafield ind1=" " ind2=" " tag="670"><subfield code="a">Oxford classical dict., 2nd ed.</subfield><subfield code="b">(Julius Victor, Gaius, 4th cent. A.D.)</subfield></datafield><datafield ind1=" " ind2=" " tag="670"><subfield code="a">Pauly-Wissowa:</subfield><subfield code="b">v. 10, column 873 (C. Iulius Victor)</subfield></datafield></record>